% This is for your references, 
% here are examples on how to reference web-pages, books and articles!

\hypersetup{
    colorlinks=true,
    linkcolor=black,
    filecolor=magenta,      
    urlcolor=black,
}

 @misc{ wiki:BoxJenkinsMethod,
   author = "Wikipedia",
   title = "Box–Jenkins method --- Wikipedia{,} The Free Encyclopedia",
   year = "2016",
   url = "\url{https://en.wikipedia.org/w/index.php?title=Box%E2%80%93Jenkins_method&oldid=756788483}",
   note = "[Online]"
 }   
 
@misc{ wiki:ML,
   author = "Wikipedia",
   title = "Machine learning --- Wikipedia{,} The Free Encyclopedia",
   year = "2017",
   url = "\url{https://en.wikipedia.org/w/index.php?title=Machine_learning&oldid=781814639}",
   note = "[Online]"
 }
 
@misc{ wiki:Regression,
   author = "Wikipedia",
   title = "Regression analysis --- Wikipedia{,} The Free Encyclopedia",
   year = "2017",
   url = "\url{https://en.wikipedia.org/w/index.php?title=Regression_analysis&oldid=777736334}",
   note = "[Online]"
 }
 
@misc{ DataProcessFramework,
   author = "Quora",
   title = "The Data Science process",
   year = "2014",
   url = "\url{https://www.quora.com/Are-there-any-thematic-frameworks-unifying-data-science-approaches-and-methods}",
   note = "[Online]"
}

@misc{ wiki:Databases,
   author = "Wikipedia",
   title = "Database --- Wikipedia{,} The Free Encyclopedia",
   year = "2017",
   url = "\url{https://en.wikipedia.org/w/index.php?title=Database&oldid=782511180}",
   note = "[Online]"
 }


 @misc{ wiki:clusterAnalysis,
   author = "Wikipedia",
   title = "Cluster analysis --- Wikipedia{,} The Free Encyclopedia",
   year = "2017",
   howpublished = "\url{https://en.wikipedia.org/w/index.php?title=Cluster_analysis&oldid=782997586}",
   note = "[Online]"
 }

 @misc{ wiki:Classification,
   author = "Wikipedia",
   title = "Statistical classification --- Wikipedia{,} The Free Encyclopedia",
   year = "2017",
   howpublished = "\url{https://en.wikipedia.org/w/index.php?title=Statistical_classification&oldid=781889759}",
   note = "[Online]"
 }


@misc{ limitations,
    author = "Amanda Hindle, Senior Editor",
    title = "How to Write About Your Study Limitations Without Limiting Your Impact",
    howpublished = "\url{https://www.edanzediting.com/blogs/how-write-about-your-study-limitations-without-limiting-your-impact}",
	year = "January 23, 2015",
	note = "Online"
}


@misc{ previousWork2,
    author = "Jason Brownlee",
    title = "
How to Grid Search ARIMA Model Hyperparameters with Python",
    howpublished = "\url{http://machinelearningmastery.com/grid-search-arima-hyperparameters-with-python/}",
	year = "January 18, 2017",
	note = "Online"
}

@misc{ previousWork,
    author = "Jason Brownlee",
    title = "How to Create an ARIMA Model for Time Series Forecasting with Python",
    howpublished = "\url{http://machinelearningmastery.com/arima-for-time-series-forecasting-with-python/}",
	year = "January 9, 2017",
	note = "Online"
}

@misc{ SenCanada,
		author = "Standing Senate Committee on Fisheries and Oceans",
		title = "Volume Two - Aquaculture industry and governance in Norway and Scotland",
		url = "https://sencanada.ca/content/sen/committee/421/POFO/reports/2016-06-22_POFO_AquacultureVolume2_Final_E.pdf",
		year = "June 2016",
		note = "[Online]"
	}

@misc{ wiki:ARIMA,
   author = "Wikipedia",
   title = "Autoregressive integrated moving average --- Wikipedia{,} The Free Encyclopedia",
   year = "2017",
   howpublished = "\url{https://en.wikipedia.org/w/index.php?title=Autoregressive_integrated_moving_average&oldid=777845495"}",
   note = "[Online]"
 }

 @misc{ wiki:ARMA,
   author = "Wikipedia",
   title = "Autoregressive–moving-average model --- Wikipedia{,} The Free Encyclopedia",
   year = "2017",
   howpublished = "\url{https://en.wikipedia.org/w/index.php?title=Autoregressive%E2%80%93moving-average_model&oldid=781957673"}",
   note = "[Online]"
 }

 @misc{ wiki:MA,
   author = "Wikipedia",
   title = "Moving-average model --- Wikipedia{,} The Free Encyclopedia",
   year = "2017",
   howpublished = "\url{https://en.wikipedia.org/w/index.php?title=Moving-average_model&oldid=775234540"}",
   note = "[Online]"
 }

@misc{ wiki:AR,
   author = "Wikipedia",
   title = "Autoregressive model --- Wikipedia{,} The Free Encyclopedia",
   year = "2017",
   howpublished = "\url{https://en.wikipedia.org/w/index.php?title=Autoregressive_model&oldid=768765293"}",
   note = "[Online]"
 }

@misc{TimeSeries,
    title = "Time Series Analysis: Forecasting and Control",
    note = "[page 1]"
}

@misc{ArthurSamuel,
        author = "Arthur Samuel",
        year = "1959",
}

@misc{wiki:DataScience,
   author = "Wikipedia",
   title = "Data science --- Wikipedia{,} The Free Encyclopedia",
   year = "2017",
   howpublished = "\url{https://en.wikipedia.org/w/index.php?title=Data_science&oldid=778145331"}",
   note = "[Online]"
 }

%  author = {Ingo Lütkebohle},
%  title = {{BWorld Robot Control Software}},
%  howpublished = "\url{http://aiweb.techfak.uni-bielefeld.de/content/bworld-robot-control-software/}",
%  year = {2008}, 
%	note = "[Online; accessed 19-July-2008]"

